[gd_scene load_steps=8 format=2]

[ext_resource path="res://scenes/Core.tscn" type="PackedScene" id=2]
[ext_resource path="res://scenes/Hole.tscn" type="PackedScene" id=3]
[ext_resource path="res://resources/square.svg" type="Texture" id=4]
[ext_resource path="res://scenes/Victory.tscn" type="PackedScene" id=5]
[ext_resource path="res://scenes/Player.tscn" type="PackedScene" id=6]

[sub_resource type="Animation" id=2]
loop = true

[sub_resource type="RectangleShape2D" id=1]
extents = Vector2( 50, 15 )

[node name="Wall Jumps" instance=ExtResource( 3 )]

[node name="Player" parent="." index="1" instance=ExtResource( 6 )]
position = Vector2( 0, -896 )
gravpack_fuel = 5000.0

[node name="Core3" parent="." index="2" instance=ExtResource( 2 )]
position = Vector2( 640, -768 )

[node name="Core6" parent="." index="3" instance=ExtResource( 2 )]
position = Vector2( 128, -768 )

[node name="Core7" parent="." index="4" instance=ExtResource( 2 )]
position = Vector2( -384, -768 )

[node name="Core8" parent="." index="5" instance=ExtResource( 2 )]
position = Vector2( -128, -768 )

[node name="Animations" type="Node" parent="." index="6"]

[node name="Rotation" type="AnimationPlayer" parent="Animations" index="0"]
root_node = NodePath("../..")
playback_speed = 0.25
anims/animation = SubResource( 2 )

[node name="Victory" parent="." index="9" instance=ExtResource( 5 )]
position = Vector2( -103.804, -1899.05 )

[node name="Core5" parent="." index="10" instance=ExtResource( 2 )]
position = Vector2( 384, -768 )

[node name="Core4" parent="." index="11" instance=ExtResource( 2 )]
position = Vector2( -640, -768 )

[node name="StaticBody2D" type="StaticBody2D" parent="." index="12"]
position = Vector2( 0, -832 )
collision_layer = 2

[node name="CollisionShape2D" type="CollisionShape2D" parent="StaticBody2D" index="0"]
scale = Vector2( 14.376, 1 )
shape = SubResource( 1 )

[node name="Sprite" type="Sprite" parent="StaticBody2D/CollisionShape2D" index="0"]
scale = Vector2( 1, 0.3 )
texture = ExtResource( 4 )

[node name="StaticBody2D2" type="StaticBody2D" parent="." index="13"]
position = Vector2( 0, -704 )
collision_layer = 2

[node name="CollisionShape2D" type="CollisionShape2D" parent="StaticBody2D2" index="0"]
scale = Vector2( 15, 1 )
shape = SubResource( 1 )

[node name="Sprite" type="Sprite" parent="StaticBody2D2/CollisionShape2D" index="0"]
scale = Vector2( 1, 0.3 )
texture = ExtResource( 4 )
[connection signal="body_entered" from="Core3" to="." method="death"]
[connection signal="body_entered" from="Core6" to="." method="death"]
[connection signal="body_entered" from="Core7" to="." method="death"]
[connection signal="body_entered" from="Core8" to="." method="death"]
[connection signal="body_entered" from="Victory" to="." method="victory"]
[connection signal="body_entered" from="Core5" to="." method="death"]
[connection signal="body_entered" from="Core4" to="." method="death"]
